% Encoding: UTF-8
@BOOK{Smith:2012qr,
	title = {{B}ook {T}itle},
	publisher = {Publisher},
	author = {Smith, J.~M. and Jones, A.~B.},
	year = {2012},
	edition = {7th},
}

@ARTICLE{Smith:2013jd,
	author = {Jones, A.~B. and Smith, J.~M.},
	title = {{A}rticle {T}itle},
	journal = {Journal title},
	year = {2013},
	volume = {13},
	pages = {123-456},
	number = {52},
	month = {March},
	publisher = {Publisher}
}

@Unpublished{nanoGame,
  author = {Yves Ehrlich},
  note   = {https://gitlab.informatik.hs-fulda.de/fdai5253/nanogame},
  title  = {{N}ano {G}ame},
}

@Unpublished{RF24Lib,
  author = {OpenSource Software},
  note   = {https://github.com/nRF24/RF24},
  title  = {{RF}24},
}

@Article{SPI,
  author  = {Martin Schwerdtfeger},
  journal = {https://web.archive.org/web/20190116220910/http://www.mct.de/faq/spi.html},
  title   = {{SPI} {S}erial {P}eripheral {I}nterface},
  year    = {2000},
  month   = jun,
}
@MISC{nRF24Pinout,
    author = {{Components101}},
    title = {nRF24L01 Wireless RF Module},
    year = {2018},
    note = {[Online; zugegriffen am 09.02.2020]},
    url = {https://components101.com/sites/default/files/component_pin/nRF24L01-Pinout.png}
}
@Unpublished{HC-SR04_Halterung,
  author = {Yves Ehrlich},
  note   = {https://a360.co/2u9rUmk},
  title  = {HC-SR04 Halterung},
}
@Unpublished{Joystick_Halterung,
  author = {Yves Ehrlich},
  note   = {https://a360.co/36IMYx7},
  title  = {Joystick Halterung},
}
@Unpublished{Kugelrad,
  author = {Yves Ehrlich},
  note   = {https://a360.co/390BhTY},
  title  = {Kugelrad},
}
@Unpublished{Raeder,
  author = {Yves Ehrlich},
  note   = {https://a360.co/2uQTSDm},
  title  = {RÃ¤der},
}
@Unpublished{Plattform,
  author = {Yves Ehrlich},
  note   = {https://a360.co/2Ok7v4P},
  title  = {Roboter Plattform},
}
@Unpublished{Schalterhalterung,
  author = {Yves Ehrlich},
  note   = {https://a360.co/38YTKAo},
  title  = {Schalterhalterung},
}
@Unpublished{Akkuhalterung,
  author = {Yves Ehrlich},
  note   = {},
  title  = {Akkuhalterung},
}
@MISC{MX1508,
    author = {{ifuturetech}},
    title = {MX1508 Motortreiber},
    note = {[Online; zugegriffen am 12.02.2020]},
    url = {http://www.ifuturetech.org/ifuture/uploads/2017/10/2-way-mx1508-dc-motor-driver-module-pwm-speed-control.jpeg}
}

@Comment{jabref-meta: databaseType:bibtex;}
